<?xml version="1.0" encoding="UTF-8"?>
<collection xmlns:xsi="http://www.w3.org/2001/XMLSchema-instance" xsi:schemaLocation="http://www.loc.gov/MARC21/slim http://www.loc.gov/standards/marcxml/schema/MARC21slim.xsd" xmlns="http://www.loc.gov/MARC21/slim">
<record>
  <leader>00829cam a22002051  4500</leader>
  <controlfield tag="001">2965259</controlfield>
  <controlfield tag="003">NNC</controlfield>
  <controlfield tag="005">20130426003559.0</controlfield>
  <controlfield tag="008">010216s1912    ua            000 0 ara d</controlfield>
  <datafield tag="035" ind1=" " ind2=" ">
    <subfield code="a">(OCoLC)ocm45954496</subfield>
  </datafield>
  <datafield tag="035" ind1=" " ind2=" ">
    <subfield code="9">ASL0623CU</subfield>
  </datafield>
  <datafield tag="035" ind1=" " ind2=" ">
    <subfield code="a">(NNC)2965259</subfield>
  </datafield>
  <datafield tag="040" ind1=" " ind2=" ">
    <subfield code="a">ZCU</subfield>
    <subfield code="c">ZCU</subfield>
  </datafield>
  <datafield tag="090" ind1=" " ind2=" ">
    <subfield code="a">BP135</subfield>
    <subfield code="b">.A15</subfield>
  </datafield>
  <datafield tag="100" ind1="1" ind2=" ">
    <subfield code="a">Tirmidhī, Muḥammad ibn ʻĪsá,</subfield>
    <subfield code="d">-892.</subfield>
  </datafield>
  <datafield tag="245" ind1="1" ind2="0">
    <subfield code="a">Sharḥ Sīdī Muḥammad ibn Qāsim Jassūs al-mawsūm bi al-Fawāʾ id al-jalīlah al-bahīyah ʻalā al-Shamāʾ il al-Muḥammadīyah.</subfield>
    <subfield code="c">Wabihāmishihï: Lawāmiʻ anwār al-kawākib al-durrī, fī sharḥ Hamzīyat al-Imām al-Buṣīrī, li Sīdī Muḥammad ibn Aḥmad Bannīs.</subfield>
  </datafield>
  <datafield tag="250" ind1=" " ind2=" ">
    <subfield code="a">al-Ṭabʻah al-l.</subfield>
  </datafield>
  <datafield tag="260" ind1=" " ind2=" ">
    <subfield code="a">Miṣr,</subfield>
    <subfield code="b">Maṭbaʻat al-Jamālīyah,</subfield>
    <subfield code="c">1330 [1912]</subfield>
  </datafield>
  <datafield tag="300" ind1=" " ind2=" ">
    <subfield code="a">388 p.</subfield>
  </datafield>
  <datafield tag="955" ind1=" " ind2=" ">
    <subfield code="b">CU55358071</subfield>
    <subfield code="d">off,glx</subfield>
    <subfield code="e">BP135 .A15</subfield>
  </datafield>
</record>
</collection>